


@inproceedings{katyal2016hand,
  title={In-hand robotic manipulation via deep reinforcement learning},
  author={Katyal, Kapil D and Staley, Edward W and Johannes, Matthew S and Wang, I-Jeng and Reiter, Austin and Burlina, Phillipe},
  booktitle={Proceedings of the Workshop on Deep Learning for Action and Interaction, in Conjunction with Annual Conference on Neural Information Processing Systems, Barcelona, Spain},
  volume={9},
  year={2016}
}

@inproceedings{staley2018drl,
  title={DRL Based Intelligent Joint Manipulator and Viewing Camera Control for Reaching Tasks and Environments with Obstacles and Occluders},
  author={Staley, Edward W and Katyal, Kapil D and Burlina, Philippe},
  booktitle={2018 International Joint Conference on Neural Networks (IJCNN)},
  pages={1--7},
  year={2018},
  organization={IEEE}
}