

@inproceedings{abadi2016tensorflow,
  title={Tensorflow: A system for large-scale machine learning},
  author={Abadi, Mart{\'\i}n and Barham, Paul and Chen, Jianmin and Chen, Zhifeng and Davis, Andy and Dean, Jeffrey and Devin, Matthieu and Ghemawat, Sanjay and Irving, Geoffrey and Isard, Michael and others},
  booktitle={12th $\{$USENIX$\}$ Symposium on Operating Systems Design and Implementation ($\{$OSDI$\}$ 16)},
  pages={265--283},
  year={2016}
}
@misc{CNTK,
     author = {Microsoft},
     title  = {{Microsoft Cognitive Toolkit (CNTK)}},
      howpublished = {\url{https://www.microsoft.com/en-us/research/product/cognitive-toolkit/}},
       note = {Accessed: 16-May-2019},
} 

@misc{Theano,
     author = {LISA lab},
     title  = {Theano},
      howpublished = {\url{http://deeplearning.net/software/theano/}},
       note = {Accessed: 16-May-2019},
} 
@misc{KerasBenefits,
     author = {Keras Documentation},
     title  = {Why use {Keras}},
      howpublished = {\url{https://keras.io/why-use-keras/}},
       note = {Accessed: 16-May-2019},
} 


@article{pierson2017deep,
  title={Deep learning in robotics: a review of recent research},
  author={Pierson, Harry A and Gashler, Michael S},
  journal={Advanced Robotics},
  volume={31},
  number={16},
  pages={821--835},
  year={2017},
  publisher={Taylor \& Francis},
  url={https://arxiv.org/pdf/1707.07217},
}

@article{bohmer2015autonomous,
  title={Autonomous learning of state representations for control: An emerging field aims to autonomously learn state representations for reinforcement learning agents from their real-world sensor observations},
  author={B{\"o}hmer, Wendelin and Springenberg, Jost Tobias and Boedecker, Joschka and Riedmiller, Martin and Obermayer, Klaus},
  journal={KI-K{\"u}nstliche Intelligenz},
  volume={29},
  number={4},
  pages={353--362},
  year={2015},
  publisher={Springer},
  url={http://www.redaktion.tu-berlin.de/fileadmin/fg215/articles/boehmer15b.pdf},
}
@inproceedings{jonschkowski2014state,
  title={State Representation Learning in Robotics: Using Prior Knowledge about Physical Interaction},
  author={Jonschkowski, Rico and Brock, Oliver},
  booktitle={Robotics: Science and Systems},
  year={2014},
  url={http://www.robotics.tu-berlin.de/fileadmin/fg170/Publikationen_pdf/Jonschkowski-14-RSS.pdf},
}

@article{lecun2015deep,
  title={Deep learning},
  author={LeCun, Yann and Bengio, Yoshua and Hinton, Geoffrey},
  journal={nature},
  volume={521},
  number={7553},
  pages={436},
  year={2015},
  publisher={Nature Publishing Group}
}

@misc{KaggleDatasets,
     author = {Kaggle},
     title  = {Datasets},
      howpublished = {\url{https://www.kaggle.com/datasets}},
       note = {Accessed: 16-May-2019},
} 
@misc{UCIrvine,
     author = {{UC I}rvine},
     title  = {{UC I}rvine Machine Learning Repository},
      howpublished = {\url{http://mlr.cs.umass.edu/ml/}},
       note = {Accessed: 16-May-2019},
} 
@misc{Shibuya,
     author = {Naoki Shibuya},
     title  = {Demystifying Cross-Entropy},
      howpublished = {\url{https://towardsdatascience.com/demystifying-cross-entropy-e80e3ad54a8}},
       note = {Accessed: 16-May-2019},
} 



@misc{VisualData,
     author = {{Visual Data}},
     title  = {Discover Computer Vision Dataset},
      howpublished = {\url{https://www.visualdata.io/}},
       note = {Accessed: 16-May-2019},
} 
@misc{DataGov,
     author = {{U.S. Government}},
     title  = {The home of the {U.S.} Government’s open data},
      howpublished = {\url{https://www.data.gov/}},
       note = {Accessed: 16-May-2019},
} 

@misc{kdnuggets,
     author = {kdnuggets},
     title  = {Datasets},
      howpublished = {\url{https://www.kdnuggets.com/tag/datasets}},
       note = {Accessed: 16-May-2019},
} 





@article{kober2013reinforcement,
  title={Reinforcement learning in robotics: A survey},
  author={Kober, Jens and Bagnell, J Andrew and Peters, Jan},
  journal={The International Journal of Robotics Research},
  volume={32},
  number={11},
  pages={1238--1274},
  year={2013},
  publisher={SAGE Publications Sage UK: London, England},
  url={http://citeseerx.ist.psu.edu/viewdoc/download?doi=10.1.1.910.7004&rep=rep1&type=pdf},
}

@book{sutton1998introduction,
  title={Introduction to reinforcement learning},
  author={Sutton, Richard S and Barto, Andrew G and others},
  volume={135},
  year={1998},
  publisher={MIT press Cambridge}
}

@article{laroche2017reinforcement,
  title={Reinforcement Learning Algorithm Selection},
  author={Laroche, Romain and F{\'e}raud, Rapha{\"e}l},
  journal={arXiv preprint arXiv:1701.08810},
  year={2017},
  url={http://citeseerx.ist.psu.edu/viewdoc/download?doi=10.1.1.472.7494&rep=rep1&type=pdf},
}

@inproceedings{kupcsik2013data,
  title={Data-efficient generalization of robot skills with contextual policy search},
  author={Kupcsik, Andras Gabor and Deisenroth, Marc Peter and Peters, Jan and Neumann, Gerhard},
  booktitle={Twenty-Seventh AAAI Conference on Artificial Intelligence},
  year={2013},
  url={https://www.aaai.org/ocs/index.php/AAAI/AAAI13/paper/download/6322/6842},
}


@misc{5steps,
     author = {Jason Brownlee},
     title  = {5 Step Life-Cycle for Neural Network Models in Keras},
      howpublished = {\url{https://machinelearningmastery.com/5-step-life-cycle-neural-network-models-keras/}},
       note = {Accessed: 16-May-2019},
} 
@misc{crossvalidation,
     author = {{Deep Learning}},
     title  = {Cross-Validation},
      howpublished = {\url{https://machine-learning-course.readthedocs.io/en/latest/content/overview/crossvalidation.html}},
       note = {Accessed: 16-May-2019},
} 
@misc{scikit-crossvalidation,
     author = {{scikit learn}},
     title  = {Cross-validation: evaluating estimator performance},
      howpublished = {\url{https://scikit-learn.org/stable/modules/cross_validation.html}},
       note = {Accessed: 16-May-2019},
} 
@misc{dataflair-crossvalidation,
     author = {{Data Flair}},
     title  = {Train and Test Set in Python Machine Learning – How to Split},
      howpublished = {\url{https://data-flair.training/blogs/train-test-set-in-python-ml/}},
       note = {Accessed: 16-May-2019},
} 
@misc{batchsizeNN,
     author = {{Stack Exchange}},
     title  = {What is batch size in neural network?},
      howpublished = {\url{https://stats.stackexchange.com/questions/153531/what-is-batch-size-in-neural-network}},
       note = {Accessed: 16-May-2019},
} 



@article{ardizzone2018analyzing,
  title={Analyzing inverse problems with invertible neural networks},
  author={Ardizzone, Lynton and Kruse, Jakob and Wirkert, Sebastian and Rahner, Daniel and Pellegrini, Eric W and Klessen, Ralf S and Maier-Hein, Lena and Rother, Carsten and K{\"o}the, Ullrich},
  journal={arXiv preprint arXiv:1808.04730},
  year={2018},
  url = {https://openreview.net/pdf?id=rJed6j0cKX},
}
@article{chollet2018keras,
  title={Keras: The python deep learning library},
  author={Chollet, Fran{\c{c}}ois and others},
  journal={Astrophysics Source Code Library},
  url = {https://ui.adsabs.harvard.edu/abs/2018ascl.soft06022C},
  year={2018}
}
@MISC{2018ascl.soft06022C,
   author = {{Chollet}, F. and {others}},
    title = "{Keras: The Python Deep Learning library}",
 keywords = {Software },
howpublished = {Astrophysics Source Code Library},
     year = 2018,
    month = jun,
archivePrefix = "ascl",
   eprint = {1806.022},
   adsurl = {https://ui.adsabs.harvard.edu/abs/2018ascl.soft06022C},
  adsnote = {Provided by the SAO/NASA Astrophysics Data System}
}

@article{mikolov2013efficient,
  title={Efficient estimation of word representations in vector space},
  author={Mikolov, Tomas and Chen, Kai and Corrado, Greg and Dean, Jeffrey},
  journal={arXiv preprint arXiv:1301.3781},
  year={2013}
}

@article{Kingma2015AdamAM,
  title={Adam: A Method for Stochastic Optimization},
  author={Diederik P. Kingma and Jimmy Ba},
  journal={CoRR},
  year={2015},
  volume={abs/1412.6980}
}

@article{konda2014zero,
  title={Zero-bias autoencoders and the benefits of co-adapting features},
  author={Konda, Kishore and Memisevic, Roland and Krueger, David},
  journal={arXiv preprint arXiv:1402.3337},
  year={2014},
  url = {https://arxiv.org/abs/1402.3337},
  note={ThresholdedReLU},
}
@article{clevert2015fast,
  title={Fast and accurate deep network learning by exponential linear units {(ELU}},
  author={Clevert, Djork-Arn{\'e} and Unterthiner, Thomas and Hochreiter, Sepp},
  journal={arXiv preprint arXiv:1511.07289},
  year={2015},
  url = {https://arxiv.org/abs/1511.07289v1},
  note={ELU},
  }
  @article{DBLP:journals/corr/HeZR015,
  author    = {Kaiming He and
               Xiangyu Zhang and
               Shaoqing Ren and
               Jian Sun},
  title     = {Delving Deep into Rectifiers: Surpassing Human-Level Performance on
               ImageNet Classification},
  journal   = {CoRR},
  volume    = {abs/1502.01852},
  year      = {2015},
  url       = {http://arxiv.org/abs/1502.01852},
  note = {PReLU}
}

@online{jin2018efficient,
  author       = {Haifeng Jin and Qingquan Song and Xia Hu},
  title        = {Auto-Keras: An Efficient Neural Architecture Search System},
  date         = {2018-06-27},
  year         = {2018},
  eprintclass  = {cs.LG},
  eprinttype   = {arXiv},
  eprint       = {cs.LG/1806.10282},
}


@incollection{simon1983should,
  title={Why should machines learn?},
  author={Simon, Herbert A},
  booktitle={Machine learning},
  pages={25--37},
  year={1983},
  publisher={Elsevier}
}

%%%%%%%%%%%%%%%%%%%
%% glossary
@article{provost1998glossary,
  title={Glossary of terms},
  author={Provost, Foster and Kohavi, R},
  journal={Journal of Machine Learning},
  volume={30},
  number={2-3},
  pages={271--274},
  year={1998}
}
@article{ma2014machine,
  title={Machine learning for big data analytics in plants},
  author={Ma, Chuang and Zhang, Hao Helen and Wang, Xiangfeng},
  journal={Trends in plant science},
  volume={19},
  number={12},
  pages={798--808},
  year={2014},
  publisher={Elsevier}
}
@article{carroll2013grossman,
  title={The grossman-cormack glossary of technology-assisted review},
  author={Carroll, Lewis},
  journal={Federal Courts Law Review},
  volume={7},
  number={1},
  year={2013}
}

@article{minka2005statistical,
  title={A statistical learning/pattern recognition glossary},
  author={Minka, Thomas},
  journal={Retrieved June},
  volume={29},
  pages={2008},
  year={2005}
}