@techreport{paxson1998framework,
  title={{RFC 2330}: Framework for {IP} performance metrics},
  author={Paxson, Vern and Almes, Guy and Mahdavi, Jamshid and Mathis, Matt},
  institution={{IETF}},
  month={May},
  year={1998},
  doi={10.17487/RFC2330}, 
  note   =         {\url{www.rfc-editor.org/info/rfc2330}},

}
@techreport{clarkbcp2011,
  title={{RFC 6390}: Guidelines for Considering New Performance Metric Development},
  author={Clark, A. and  Claise, B.},
  institution={{IETF}},
  month={Oct},
  year={2011},
  doi={10.17487/RFC6390}, 
  note   =         {\url{www.rfc-editor.org/info/rfc6390}},

}
@article{vim2004international,
  title={International vocabulary of basic and general terms in metrology (VIM)},
  author={Vim, ISO},
  journal={International Organization},
  volume={2004},
  pages={09--14},
  year={2004}
}

@article{taylor1994guidelines,
  title={Guidelines for evaluating and expressing the uncertainty of NIST measurement results},
  author={Taylor, Barry N and Kuyatt, Chris E},
  year={1994},
  publisher={US Department of Commerce, Technology Administration, National Institute of~…}
}

@book{trochim2001research,
  title={Research methods knowledge base},
  author={Trochim, William MK and Donnelly, James P},
  volume={2},
  year={2006},
  publisher={Atomic Dog Publishing Cincinnati, OH}
}
@misc{typereliability,
     author = {Trochim, William MK and Donnelly, James P},
     title  = {Types of Reliability from the The Research Methods Knowledge Base},
     year={2006},
      howpublished = {\url{http://www.socialresearchmethods.net/kb/reltypes.php}},
       note = {Accessed: 16-May-2019},

}     

@ARTICLE{387375, 
author={G. {Taguchi}}, 
journal={IEEE Transactions on Reliability}, 
title={Quality engineering (Taguchi methods) for the development of electronic circuit technology}, 
year={1995}, 
volume={44}, 
number={2}, 
pages={225-229}, 
keywords={circuit reliability;product development;quality control;research and development management;electronic circuit technology;quality engineering;Taguchi methods;product development;failure rates;reliability engineering;robustness;parameter design methods;research and development;technical development;Electronic circuits;Reliability engineering;Design engineering;Cost function;Appropriate technology;Signal processing;Noise robustness;Robust control;Ducts;Signal design}, 
doi={10.1109/24.387375}, 
ISSN={0018-9529}, 
month={June},}
@manual{jcgm2008evaluation,
  title={Evaluation of measurement data—{G}uide to the expression of uncertainty in measurement {(GUM)}},
  author={{BIPM, IEC, IFCC, ILAC, IUPAC, IUPAP, ISO, OIML}},
  publisher={{ISO Joint Committee for Guides in Metrology (JCGM)}},
  volume={50},
  pages={134},
  year={2008}
}

@article{larrabee1993precision,
  title={Precision, accuracy, uncertainty and traceability and their application to submicrometer dimensional metrology},
  author={Larrabee, Robert D and Postek, Michael T},
  journal={Solid-state electronics},
  volume={36},
  number={5},
  pages={673--684},
  year={1993},
  publisher={Elsevier},
}

% https://www.iso.org/sites/JCGM/GUM-introduction.htm

@misc{reliabilityweb,
     author = {Paul Lanthier},
     title  = {Understanding the Difference Between Reliability and Availability},
      howpublished = {\url{/reliabilityweb.com/tips/article/understanding_the_difference_between_reliability_and_availability/}},
       note = {Accessed: 16-May-2019},
}

@book{hamill2004unit,
  title={Unit test frameworks: tools for high-quality software development},
  author={Hamill, Paul},
  year={2004},
  publisher={" O'Reilly Media, Inc."}
}

@ARTICLE{1281254, 
author={G. {McGraw}}, 
journal={IEEE Security Privacy}, 
title={Software security}, 
year={2004}, 
volume={2}, 
number={2}, 
pages={80-83}, 
doi={10.1109/MSECP.2004.1281254}, 
ISSN={1540-7993}, 
month={March},}



@article{Israelsen:2019:XAY:3303862.3267338,
 author = {Israelsen, Brett W. and Ahmed, Nisar R.},
 title = {\&\#x201C;Dave...I Can Assure You ...That It\&\#x2019;s Going to Be All Right ...\&\#x201D; A Definition, Case for, and Survey of Algorithmic Assurances in Human-Autonomy Trust Relationships},
 journal = {ACM Comput. Surv.},
 issue_date = {February 2019},
 volume = {51},
 number = {6},
 month = jan,
 year = {2019},
 issn = {0360-0300},
 pages = {113:1--113:37},
 articleno = {113},
 numpages = {37},
 url = {http://doi.acm.org/10.1145/3267338},
 doi = {10.1145/3267338},
 acmid = {3267338},
 publisher = {ACM},
 address = {New York, NY, USA},
 keywords = {Human-computer trust, accountability, algorithmic assurances, explainable artificial intelligence, fairness, interpretable machine learning, transparency},
} 

