% Encoding: UTF-8
       
       
@ARTICLE{IEEE7920486, 
author={J. L. {Ayala}}, 
journal={IEEE Design Test}, 
title={Code Ocean Is Live: Upload Your Algorithms}, 
year={2017}, 
volume={34}, 
number={3}, 
pages={108-109}, 
keywords={}, 
doi={10.1109/MDAT.2017.2692207}, 
ISSN={2168-2356}, 
month={June},
}
     
@article{bonsignorio2017new,
  title={A new kind of article for reproducible research in intelligent robotics [from the field]},
  author={Bonsignorio, Fabio},
  journal={IEEE Robotics \& Automation Magazine},
  volume={24},
  number={3},
  pages={178--182},
  year={2017},
  publisher={IEEE}
}




@article{bonsignorio2014fostering,
  title={Fostering progress in performance evaluation and benchmarking of robotic and automation systems [tc spotlight]},
  author={Bonsignorio, Fabio and Del Pobil, Angel P Del Pobil and Messina, Elena},
  journal={IEEE Robotics \& Automation Magazine},
  volume={21},
  number={1},
  pages={22--25},
  year={2014},
  publisher={IEEE}
}

@article{boyd2011foundations,
  title={Foundations and Trends{\textregistered} in Machine Learning},
  author={Boyd, Stephen and Parikh, Neal and Chu, Eric and Peleato, Borja and Eckstein, Jonathan and others},
  journal={Foundations and Trends{\textregistered} in Communications and Information Theory},
  volume={2},
  number={1-2},
  year={2011}
}
@article{chandrasekaran2013computational,
  title={Computational and statistical tradeoffs via convex relaxation},
  author={Chandrasekaran, Venkat and Jordan, Michael I},
  journal={Proceedings of the National Academy of Sciences},
  volume={110},
  number={13},
  pages={E1181--E1190},
  year={2013},
  publisher={National Acad Sciences}
}


@misc{codeocean,
     author = {CodeOcean},
     title  = {Discover and run scientific code},
     howpublished = {\url{codeocean.com}},
       note = {Accessed: 16-May-2019},
       }


@misc{ml-cheatsheet,
     author = {CodeOcean},
     title  = {Machine Learning Cheatsheet},
     howpublished = {\url{ ml-cheatsheet.readthedocs.io/en/latest/index.html}},
       note = {Accessed: 16-May-2019},
}
@misc{paperswithcode,
     author = {{Papers With Code}},
     title  = {Papers with Code},
     howpublished = {\url{https://paperswithcode.com/}},
       note = {Accessed: 16-May-2019},
}
@misc{paperswithcodegit,
     author = {{Papers With Code}},
     title  = {Automatic {SOTA} (state-of-the-art) extraction},
     howpublished = {\url{https://github.com/paperswithcode/sota-extractor}},
       note = {Accessed: 16-May-2019},
}


@article{guglielmelli2015research,
  title={Research Reproducibility and Performance Evaluation for Dependable Robots [From the Editor's Desk]},
  author={Guglielmelli, Eugenio},
  journal={IEEE Robotics \& Automation Magazine},
  volume={22},
  number={3},
  pages={4--4},
  year={2015},
  publisher={IEEE}
}

@article{jordan2015machine,
  title={Machine learning: Trends, perspectives, and prospects},
  author={Jordan, Michael I and Mitchell, Tom M},
  journal={Science},
  volume={349},
  number={6245},
  pages={255--260},
  year={2015},
  publisher={American Association for the Advancement of Science}
}

@article {Jordan255,
	author = {Jordan, M. I. and Mitchell, T. M.},
	title = {Machine learning: Trends, perspectives, and prospects},
	volume = {349},
	number = {6245},
	pages = {255--260},
	year = {2015},
	doi = {10.1126/science.aaa8415},
	publisher = {American Association for the Advancement of Science},
	journal = {Science}
}
       
       
@misc{YateendraJoshi,
     author = {Yateendra Joshi},
     title  = {{DOI} for papers; {ORCID} for authors},
     howpublished = { www.editage.com/insights/doi-for-papers-orcid-for-authors},
     note  = {Accessed: 16-May-2019},
}    

@misc{stanfordGlossary,
     author = { Ron Kohavi and Foster Provost},
     title  = {Glossary of Terms},
     howpublished = {\url {robotics.stanford.edu/~ronnyk/glossary.html}},
       note = {Accessed: 16-May-2019}
       }
@article{kormushev2013reinforcement,
  title={Reinforcement learning in robotics: {A}pplications and real-world challenges},
  author={Petar Kormushev  and Sylvain Calinon  and Darwin Caldwell},
  journal={Robotics},
  volume={2},
  number={3},
  pages={122--148},
  year={2013},
  publisher={Multidisciplinary Digital Publishing Institute}
}
@article{mitchell1997does,
  title={Does machine learning really work?},
  author={Mitchell, Tom M},
  journal={AI magazine},
  volume={18},
  number={3},
  pages={11--11},
  year={1997}
}
@misc{ocrcid,
     author = {{ORCID}.org},
     title  = {{ORCID} Connecting Research and Researchers},
      howpublished = {\url{ orcid.org}},
       note = {Accessed: 16-May-2019},

}    

@book{Sammut:2017:EML:3153490,
 author = {Sammut, Claude and Webb, Geoffrey I.},
 title = {Encyclopedia of Machine Learning and Data Mining},
 year = {2017},
 isbn = {148997685X, 9781489976857},
 edition = {2nd},
 publisher = {Springer Publishing Company, Incorporated},
} 
@inproceedings{schneiderman1998probabilistic,
  title={Probabilistic modeling of local appearance and spatial relationships for object recognition},
  author={Schneiderman, Henry and Kanade, Takeo},
  booktitle={Proceedings. 1998 IEEE Computer Society Conference on Computer Vision and Pattern Recognition (Cat. No. 98CB36231)},
  pages={45--51},
  year={1998},
  organization={Citeseer}
}
,



@inproceedings{schneiderman1994real,
  title={Real-time model-based visual tracking},
  author={Schneiderman, Henry and Wavering, Albert J and Nashman, Marilyn and Lumia, Ronald},
  booktitle={Proc. Int. Workshop Intelligent Robotic Systems},
  year={1994}
}

@book{sra2012optimization,
  title={Optimization for machine learning},
  author={Sra, Suvrit and Nowozin, Sebastian and Wright, Stephen J},
  year={2012},
  publisher={Mit Press}
}


@misc{ISO26324,
	title = {{ISO 26324:2012(en)} {I}nformation and documentation - {D}igital object identifier system},
	author = {{International Organization for Standardization}},
	year = {2012}
}
%%%%%%%%% Learning and performance evaluation
@inproceedings{valiant1984theory,
  title={A theory of the learnable},
  author={Valiant, Leslie G},
  booktitle={Proceedings of the sixteenth annual ACM symposium on Theory of computing},
  pages={436--445},
  year={1984},
  organization={ACM}
}

@book{winston1992artificial,
  title={Artificial intelligence},
  author={Winston, Patrick Henry},
  volume={3},
  year={1992},
  publisher={Addison-Wesley Reading, MA}
}

@article{yang2016science,
  title={Science for robotics and robotics for science},
  author={Yang, Guang-Zhong and Bellingham, James and Choset, Howie and Dario, Paolo and Fischer, Peer and Fukuda, Toshio and Jacobstein, Neil and Nelson, Bradley and Veloso, Manuela and Berg, Jeremy},
  journal={Sci. Robot.},
  volume={1},
  pages={eaal2099},
  year={2016}
}

@Comment{jabref-meta: databaseType:bibtex;}

@Comment{jabref-meta: saveOrderConfig:specified;key;false;author;false;title;false;}



@techreport{Grother,
  title={{ NIST} Special Database 19: Handprinted Forms and Characters Database},
  author={ Grother, Parick J and Hanaoka, Kayee K },
  year={2016},
  institution={ National Institute of Standards and Technology}, 
 note   =         {\url{ https://s3.amazonaws.com/nist-srd/SD19/1stEditionUserGuide.pdf} },
}
@techreport{Wilson90,
  title={Special Database 1: Handprinted character database:HWDB},
  author={ C. L. Wilson and M. D. Garris },
  year={1990},
  month={April},
  institution={ National Institute of Standards and Technology}, 

}

@techreport{cohen2017emnist,
  title={{EMNIST}: an extension of {MNIST} to handwritten letters},
  author={Cohen, Gregory and Afshar, Saeed and Tapson, Jonathan and van Schaik, Andr{\'e}},
  year={2017},
    institution={ National Institute of Standards and Technology}, 
 note   =         {\url{ http://arxiv.org/abs/1702.05373} },
}

@misc{LeCun,
title={The {MNIST} Database of handwritten digits},
not={\url{http://yann.lecun.com/exdb/mnist/}},
author={Yann LeCun and Corinna Cortes and Christopher J.C. Burges},
}

@inproceedings{mahler2017learning,
  title={Learning deep policies for robot bin picking by simulating robust grasping sequences},
  author={Mahler, Jeffrey and Goldberg, Ken},
  booktitle={Conference on Robot Learning},
  pages={515--524},
  year={2017}
}

@misc{dexnet,
     author = {{University of California Automation Laboratory}},
     title  = { Dexterity Network ({D}ex-{N}et) },
      howpublished = {\url{https://berkeleyautomation.github.io/dex-net/#dexnet_21}},
       note = {Accessed: 16-May-2019},

}    
@misc{FAIR,
     author = {{Australian Research Data Commons (ARDC)}},
     title  = { Findable, Accessible, Interoperable and Reusable {(FAIR)} self-assessment tool },
      howpublished = {\url{https://www.ands-nectar-rds.org.au/fair-tool}},
       note = {Accessed: 16-May-2019},

} 



@techreport{nistirmetadata,
  title={{Attribute Metadata}: 
A Proposed Schema for Evaluating Federated Attributes},
  author={ Paul A. Grassi and 
Naomi B. Lefkovitz and 
Ellen M. Nadeau and Ryan J. Galluzzo and Abhiraj T. Dinh},
  year={2018},
  institution={ National Institute of Standards and Technology}, 
   NUMBER =        {NISTIR 8112},
   ADDRESS =       {Gaithersburg, MD},
    MONTH =         {January},
 note   =         {\url{ https://nvlpubs.nist.gov/nistpubs/ir/2018/NIST.IR.8112.pdf} },
}

@misc{MIDASHELP,
     author = {{NIST }Service Management and Project Team Office of Information Systems Management }},
     title  = { {Management of Institutional Data Assets (MIDAS) NIST Open Access to Research Tool Quick Reference Guide for Users, Reviewers, And Administrators}},
  year={2018},
  version={3.1},
      howpublished = {\url{https://midas.nist.gov/guides/MIDAS-Quick-Reference-Guide.pdf}},
       note = {Accessed: 16-May-2019},

} 

@article{forczek2011metadata,
  title={Metadata and information structure design on websites--towards a web for all},
  author={Forczek, Erzs{\'e}bet},
  journal={International Journal of Knowledge and Web Intelligence},
  volume={2},
  number={1},
  pages={3--14},
  year={2011},
  publisher={Inderscience Publishers}
}

@article{press2004understanding,
  title={Understanding metadata},
  author={{}NISO}},
  journal={National Information Standards},
  volume={20},
  year={2004}
}

@article{maali2014data,
  title={Data catalog vocabulary (DCAT)},
  author={Maali, Fadi and Erickson, John and Archer, Phil},
  journal={W3c recommendation},
  volume={16},
  year={2014}
}

@misc{project-open-data,
     author = {{Project Open Data}},
     title  = { Metadata Resources for Schema v1.1},
      howpublished = {\url{https://project-open-data.cio.gov/v1.1/metadata-resources/}},
       note = {Accessed: 16-May-2019},

} 
@misc{csvconverter,
     author = {{Project Open Data}},
     title  = {{CSV} to {JSON} Converter},
      howpublished = {\url{https://labs.data.gov/dashboard/datagov/csv_to_json}},
       note = {Accessed: 16-May-2019},

} 
@misc{ckan,
     author = {{CKAN}.org},
     title  = {Comprehensive Knowledge Archive Network {(CKAN)}},
      howpublished = {\url{https://ckan.org/}},
       note = {Accessed: 16-May-2019},

} 

@misc{learningdef,
     author = {{Webster Dictionary}},
     title  = {Learning},
      howpublished = {\url{https://www.merriam-webster.com/dictionary/learning}},
       note = {Accessed: 16-May-2019},
} 



@misc{enki,
     author = {{NIST AI/ML HPC}},
     title  = {Artificial Intelligence and Machine Learning HPC at NIST},
      howpublished = {\url{https://aihpc.ipages.nist.gov/pages/}},
       note = {Accessed: 16-May-2019},
}




@inproceedings{katyal2016hand,
  title={In-hand robotic manipulation via deep reinforcement learning},
  author={Katyal, Kapil D and Staley, Edward W and Johannes, Matthew S and Wang, I-Jeng and Reiter, Austin and Burlina, Phillipe},
  booktitle={Proceedings of the Workshop on Deep Learning for Action and Interaction, in Conjunction with Annual Conference on Neural Information Processing Systems, Barcelona, Spain},
  volume={9},
  year={2016}
}

@inproceedings{staley2018drl,
  title={DRL Based Intelligent Joint Manipulator and Viewing Camera Control for Reaching Tasks and Environments with Obstacles and Occluders},
  author={Staley, Edward W and Katyal, Kapil D and Burlina, Philippe},
  booktitle={2018 International Joint Conference on Neural Networks (IJCNN)},
  pages={1--7},
  year={2018},
  organization={IEEE}
}


@INPROCEEDINGS{973374, 
author={A. {D'Souza} and S. {Vijayakumar} and S. {Schaal}}, 
booktitle={Proceedings 2001 IEEE/RSJ International Conference on Intelligent Robots and Systems. Expanding the Societal Role of Robotics in the the Next Millennium (Cat. No.01CH37180)}, 
title={Learning inverse kinematics}, 
year={2001}, 
volume={1}, 
number={}, 
pages={298-303 vol.1}, 
doi={10.1109/IROS.2001.973374}, 
ISSN={}, 
month={Oct},}
